<record><leader>00000cas a22000007a 4500</leader><controlfield tag="001">12352202</controlfield><controlfield tag="008">850806d18651883mouwr ne      0    0eng d</controlfield><controlfield tag="009">3781</controlfield><datafield ind1=" " ind2=" " tag="010"><subfield code="a">sn 85033949 </subfield></datafield><datafield ind1=" " ind2=" " tag="040"><subfield code="a">NPU</subfield><subfield code="b">eng</subfield><subfield code="c">NPU</subfield><subfield code="d">DLC</subfield><subfield code="d">NPX</subfield><subfield code="d">MQN</subfield><subfield code="d">OCLCQ</subfield></datafield><datafield ind1="1" ind2=" " tag="029"><subfield code="a">AU@</subfield><subfield code="b">000020386283</subfield></datafield><datafield ind1=" " ind2=" " tag="042"><subfield code="a">msc</subfield></datafield><datafield ind1="0" ind2=" " tag="130"><subfield code="a">Peoples' tribune (Jefferson City, Mo. : 1865)</subfield></datafield><datafield ind1="0" ind2="4" tag="245"><subfield code="a">The peoples' tribune.</subfield></datafield><datafield ind1=" " ind2=" " tag="260"><subfield code="a">City of Jefferson, Mo. :</subfield><subfield code="b">C.J. Corwin,</subfield><subfield code="c">1865-1883.</subfield></datafield><datafield ind1=" " ind2=" " tag="300"><subfield code="a">v.</subfield></datafield><datafield ind1=" " ind2=" " tag="310"><subfield code="a">Weekly</subfield></datafield><datafield ind1="0" ind2=" " tag="362"><subfield code="a">Vol. 1, no. 1 (Oct. 4, 1865)-v. 17, no. 17 (Dec. 26, 1883).</subfield></datafield><datafield ind1=" " ind2="4" tag="651"><subfield code="a">Jefferson City (Mo.)</subfield><subfield code="v">Newspapers.</subfield></datafield><datafield ind1=" " ind2="4" tag="651"><subfield code="a">Cole County (Mo.)</subfield><subfield code="v">Newspapers.</subfield></datafield><datafield ind1=" " ind2=" " tag="752"><subfield code="a">United States</subfield><subfield code="b">Missouri</subfield><subfield code="c">Cole</subfield><subfield code="d">Jefferson City.</subfield></datafield><datafield ind1="0" ind2=" " tag="775"><subfield code="t">Daily tribune (Jefferson City, Mo.)</subfield><subfield code="w">(DLC)sn 90061580</subfield></datafield><datafield ind1="0" ind2="0" tag="785"><subfield code="t">Jefferson City tribune (Jefferson City, Mo. : 1884)</subfield><subfield code="w">(DLC)sn 90061587</subfield></datafield></record>